@book{sample1,
	author="Joe Smith and Bob Thomas",
	title="Getting Things Done---With Science!",
	year="2045",
	publisher="Future Publishing LLC.",
}

@article{sample2,
	author="George Jones",
	title="A look at the velocity and the mass of samples {A}--{D}",
	year="2014",
	journal="American Physics Society"
}